<?xml version="1.0" encoding="UTF-8"?><record xmlns="http://www.loc.gov/MARC21/slim" xmlns:cinclude="http://apache.org/cocoon/include/1.0" xmlns:zs="http://www.loc.gov/zing/srw/">
  <leader>00466nz  a2200133n  4500</leader>
  <controlfield tag="001">n  89234947 </controlfield>
  <controlfield tag="003">DLC</controlfield>
  <controlfield tag="005">19960309055804.1</controlfield>
  <controlfield tag="008">951208n| acannaab|          |a aaa      </controlfield>
  <datafield tag="010" ind1=" " ind2=" ">
    <subfield code="a">n  89234947 </subfield>
  </datafield>
  <datafield tag="040" ind1=" " ind2=" ">
    <subfield code="a">DLC</subfield>
    <subfield code="c">DLC</subfield>
  </datafield>
  <datafield tag="100" ind1="1" ind2="0">
    <subfield code="a">Koṅgāḍiyappa, Ḍi.,</subfield>
    <subfield code="d">1861-1951</subfield>
  </datafield>
  <datafield tag="400" ind1="1" ind2="0">
    <subfield code="a">Kongadiyappa, D.,</subfield>
    <subfield code="d">1861-1951</subfield>
  </datafield>
  <datafield tag="670" ind1=" " ind2=" ">
    <subfield code="a">Lokasēvānirata Ḍi. Koṅgāḍiyappa, 1992:</subfield>
    <subfield code="b">t.p. (Ḍi. Koṅgāḍiyappa) t.p. verso (D. Kongadiyappa) port. (b. 2/22/1861; d. 10/1/1951)</subfield>
  </datafield>
</record>